@article{fisher_1943,
  title={The relationship between the number of species and the number of individuals in a random sample of an animal population: Journal Animal Ecology, v. 12},
  author={Fisher, RA and Corbett, AS and Williams, CB},
  year={1943}
}

@article{efron_1976,
  title={Estimating the number of unseen species: How many words did Shakespeare know?},
  author={Efron, Bradley and Thisted, Ronald},
  journal={Biometrika},
  volume={63},
  number={3},
  pages={435--447},
  year={1976},
  publisher={Oxford University Press}
}

@article{greenwood_1920,
  title={An inquiry into the nature of frequency distributions representative of multiple happenings with particular reference to the occurrence of multiple attacks of disease or of repeated accidents},
  author={Greenwood, Major and Yule, G Udny},
  journal={Journal of the Royal statistical society},
  volume={83},
  number={2},
  pages={255--279},
  year={1920},
  publisher={JSTOR}
}

@article{willis_2015,
  title={Estimating diversity via frequency ratios},
  author={Willis, Amy and Bunge, John},
  journal={Biometrics},
  volume={71},
  number={4},
  pages={1042--1049},
  year={2015},
  publisher={Wiley Online Library}
}

@article{chao_2002,
  title={Estimating the number of species in a stochastic abundance model},
  author={Chao, Anne and Bunge, John},
  journal={Biometrics},
  volume={58},
  number={3},
  pages={531--539},
  year={2002},
  publisher={Wiley Online Library}
}

@article{lindsay_1987,
  title={A unified treatment of integer parameter models},
  author={Lindsay, Bruce G and Roeder, Kathryn},
  journal={Journal of the American Statistical Association},
  volume={82},
  number={399},
  pages={758--764},
  year={1987},
  publisher={Taylor \& Francis Group}
}

@article{sanathanan_1977,
  title={Estimating the size of a truncated sample},
  author={Sanathanan, Lalitha},
  journal={Journal of the American Statistical Association},
  volume={72},
  number={359},
  pages={669--672},
  year={1977},
  publisher={Taylor \& Francis}
}

@article{wang_2005,
  title={A penalized nonparametric maximum likelihood approach to species richness estimation},
  author={Wang, Ji-Ping Z and Lindsay, Bruce G},
  journal={Journal of the American Statistical Association},
  volume={100},
  number={471},
  pages={942--959},
  year={2005},
  publisher={Taylor \& Francis}
}

@article{good_1956,
    author = {Toulmin, G. H. and Good, I. J.},
    title = "{The Number of New Species, and the Increase in Population Coverage, when a Sample is Increased}",
    journal = {Biometrika},
    volume = {43},
    number = {1-2},
    pages = {45-63},
    year = {1956},
    month = {06},
    abstract = "{A sample of size N is drawn at random from a population of animals of various species. Methods are given for estimating, knowing only the contents of this sample, the number of species which will be represented r times in a second sample of size Î»N; these also enable us to estimate the number of different species and the proportion of the whole population represented in the second sample. A formula is found for the variance of the estimate; when A\\&gt;2, this variance becomes in general very large, so that the estimate is useless without some modification. This difficulty can be partly overcome, at least for A\\&lt;5, by using Euler's method with a suitable parameter or the methods described by Shanks (1955) to hasten the convergence of the series by which the estimate is expressed. The methods are applied to samples of words from Our Mutual Friend, to an entomological sample, and to a sample of nouns from Macaulay's essay on Bacon.}",
    issn = {0006-3444},
    doi = {10.1093/biomet/43.1-2.45},
    url = {https://doi.org/10.1093/biomet/43.1-2.45},
    eprint = {http://oup.prod.sis.lan/biomet/article-pdf/43/1-2/45/958277/43-1-2-45.pdf},
}

@article{barger_2010,
  title={Objective Bayesian estimation for the number of species},
  author={Barger, Kathryn and Bunge, John},
  journal={Bayesian Analysis},
  volume={5},
  number={4},
  pages={765--785},
  year={2010},
  publisher={International Society for Bayesian Analysis}
}

@article{fegatelli_2018,
  title={Moment-based Bayesian Poisson Mixtures for inferring unobserved units},
  author={Fegatelli, Danilo Alunni and Tardella, Luca},
  journal={arXiv preprint arXiv:1806.06489},
  year={2018}
}

@article{bulmer_1974,
  title={On fitting the Poisson lognormal distribution to species-abundance data},
  author={Bulmer, MG},
  journal={Biometrics},
  pages={101--110},
  year={1974},
  publisher={JSTOR}
}

@article{ord_1986,
  title={The poisson-inverse gaussian disiribuiion as a model for species abundance},
  author={Ord, J Keith and Whitmore, G Alex},
  journal={Communications in Statistics-theory and Methods},
  volume={15},
  number={3},
  pages={853--871},
  year={1986},
  publisher={Taylor \& Francis}
}

@article{sichel_1986,
  title={Parameter estimation for a word frequency distribution based on occupancy theory},
  author={Sichel, HS},
  journal={Communications in Statistics-Theory and Methods},
  volume={15},
  number={3},
  pages={935--949},
  year={1986},
  publisher={Taylor \& Francis}
}

@article{norris_1998,
  title={Non-parametric MLE for Poisson species abundance models allowing for heterogeneity between species},
  author={Norris, James L and Pollock, Kenneth H},
  journal={Environmental and Ecological Statistics},
  volume={5},
  number={4},
  pages={391--402},
  year={1998},
  publisher={Springer}
}

@article{willis_2015,
  title={Estimating diversity via frequency ratios},
  author={Willis, Amy and Bunge, John},
  journal={Biometrics},
  volume={71},
  number={4},
  pages={1042--1049},
  year={2015},
  publisher={Wiley Online Library}
}

@article{chao_1992,
  title={Estimating the number of classes via sample coverage},
  author={Chao, Anne and Lee, Shen-Ming},
  journal={Journal of the American statistical Association},
  volume={87},
  number={417},
  pages={210--217},
  year={1992},
  publisher={Taylor \& Francis Group}
}

@article{chao_1987,
  title={Estimating the population size for capture-recapture data with unequal catchability},
  author={Chao, Anne},
  journal={Biometrics},
  pages={783--791},
  year={1987},
  publisher={JSTOR}
}

@article{tromas_2017,
  title={Characterising and predicting cyanobacterial blooms in an 8-year amplicon sequencing time course},
  author={Tromas, Nicolas and Fortin, Nathalie and Bedrani, Larbi and Terrat, Yves and Cardoso, Pedro and Bird, David and Greer, Charles W and Shapiro, B Jesse},
  journal={The ISME journal},
  volume={11},
  number={8},
  pages={1746},
  year={2017},
  publisher={Nature Publishing Group}
}

@article{bunge_1993,
  title={Estimating the number of species: a review},
  author={Bunge, John and Fitzpatrick, Michael},
  journal={Journal of the American Statistical Association},
  volume={88},
  number={421},
  pages={364--373},
  year={1993},
  publisher={Taylor \& Francis}
}

@article{bunge_2014,
  title={Estimating the number of species in microbial diversity studies},
  author={Bunge, John and Willis, Amy and Walsh, Fiona},
  journal={Annual Review of Statistics and Its Application},
  volume={1},
  pages={427--445},
  year={2014},
  publisher={Annual Reviews}
}

@incollection{bunge2011estimating,
  title={Estimating the number of species with CatchAll},
  author={Bunge, John},
  booktitle={Biocomputing 2011},
  pages={121--130},
  year={2011},
  publisher={World Scientific}
}

@article{good_1953,
  title={The population frequencies of species and the estimation of population parameters},
  author={Good, Irving J},
  journal={Biometrika},
  volume={40},
  number={3-4},
  pages={237--264},
  year={1953},
  publisher={Oxford University Press}
}

@article{walsh2014restricted,
  title={Restricted streptomycin use in apple orchards did not adversely alter the soil bacteria communities},
  author={Walsh, Fiona and Smith, Daniel P and Owens, Sarah M and Duffy, Brion and Frey, J{\"u}rg E},
  journal={Frontiers in microbiology},
  volume={4},
  pages={383},
  year={2014},
  publisher={Frontiers}
}

@article{sekirov2010gut,
  title={Gut microbiota in health and disease},
  author={Sekirov, Inna and Russell, Shannon L and Antunes, L Caetano M and Finlay, B Brett},
  journal={Physiological reviews},
  volume={90},
  number={3},
  pages={859--904},
  year={2010},
  publisher={American Physiological Society Bethesda, MD}
}

@article{mcmurdie2013phyloseq,
  title={phyloseq: an R package for reproducible interactive analysis and graphics of microbiome census data},
  author={McMurdie, Paul J and Holmes, Susan},
  journal={PloS one},
  volume={8},
  number={4},
  pages={e61217},
  year={2013},
  publisher={Public Library of Science}
}

@article{deseq2,
  title={Moderated estimation of fold change and dispersion for RNA-seq data with DESeq2},
  author={Love, Michael I and Huber, Wolfgang and Anders, Simon},
  journal={Genome biology},
  volume={15},
  number={12},
  pages={550},
  year={2014},
  publisher={BioMed Central}
}

@Manual{r_project,
    title = {R: A Language and Environment for Statistical Computing},
    author = {{R Core Team}},
    organization = {R Foundation for Statistical Computing},
    address = {Vienna, Austria},
    year = {2018},
    url = {https://www.R-project.org/},
  }
